@article{law2004simultaneous,
  title={Simultaneous feature selection and clustering using mixture models},
  author={Law, Martin HC and Figueiredo, Mario AT and Jain, Anil K},
  journal={IEEE transactions on pattern analysis and machine intelligence},
  volume={26},
  number={9},
  pages={1154--1166},
  year={2004},
  publisher={IEEE}
}

@article{constantinopoulos2006bayesian,
  title={Bayesian feature and model selection for Gaussian mixture models},
  author={Constantinopoulos, Constantinos and Titsias, Michalis K and Likas, Aristidis},
  journal={IEEE Transactions on Pattern Analysis and Machine Intelligence},
  volume={28},
  number={6},
  pages={1013--1018},
  year={2006},
  publisher={IEEE}
}
@book{harrison1998organizational,
  title={Organizational diagnosis and assessment: Bridging theory and practice},
  author={Harrison, Michael and Shirom, Arie},
  year={1998},
  publisher={Sage Publications}
}

@inproceedings{stauffer1999adaptive,
  title={Adaptive background mixture models for real-time tracking},
  author={Stauffer, Chris and Grimson, W Eric L},
  booktitle={Proceedings. 1999 IEEE Computer Society Conference on Computer Vision and Pattern Recognition (Cat. No PR00149)},
  volume={2},
  pages={246--252},
  year={1999},
  organization={IEEE}
}
@article{bouguila2006unsupervised,
  title={Unsupervised selection of a finite Dirichlet mixture model: an MML-based approach},
  author={Bouguila, Nizar and Ziou, Djemel},
  journal={IEEE Transactions on Knowledge and Data Engineering},
  volume={18},
  number={8},
  pages={993--1009},
  year={2006},
  publisher={IEEE}
}
@article{li2010contextual,
  title={Contextual bag-of-words for visual categorization},
  author={Li, Teng and Mei, Tao and Kweon, In-So and Hua, Xian-Sheng},
  journal={IEEE Transactions on Circuits and Systems for Video Technology},
  volume={21},
  number={4},
  pages={381--392},
  year={2010},
  publisher={IEEE}
}
@inproceedings{csurka2004visual,
  title={Visual categorization with bags of keypoints},
  author={Csurka, Gabriella and Dance, Christopher and Fan, Lixin and Willamowski, Jutta and Bray, C{\'e}dric},
  booktitle={Workshop on statistical learning in computer vision, ECCV},
  volume={1},
  number={1-22},
  pages={1--2},
  year={2004},
  organization={Prague}
}

@inproceedings{dalal2005histograms,
  title={Histograms of oriented gradients for human detection},
  author={Dalal, Navneet and Triggs, Bill},
  booktitle={2005 IEEE computer society conference on computer vision and pattern recognition (CVPR'05)},
  volume={1},
  pages={886--893},
  year={2005},
  organization={IEEE}
}

@article{bay2008speeded,
  title={Speeded-up robust features (SURF)},
  author={Bay, Herbert and Ess, Andreas and Tuytelaars, Tinne and Van Gool, Luc},
  journal={Computer vision and image understanding},
  volume={110},
  number={3},
  pages={346--359},
  year={2008},
  publisher={Elsevier}
}

@article{lowe2004distinctive,
  title={Distinctive image features from scale-invariant keypoints},
  author={Lowe, David G},
  journal={International journal of computer vision},
  volume={60},
  number={2},
  pages={91--110},
  year={2004},
  publisher={Springer}
}


@inproceedings{fei2004learning,
  title={Learning generative visual models from few training examples: An incremental bayesian approach tested on 101 object categories},
  author={Fei-Fei, Li and Fergus, Rob and Perona, Pietro},
  booktitle={2004 conference on computer vision and pattern recognition workshop},
  pages={178--178},
  year={2004},
  organization={IEEE}
}

@inproceedings{maanicshah2019variational,
  title={Variational Learning for Finite Generalized Inverted Dirichlet Mixture Models with a Component Splitting Approach},
  author={Maanicshah, Kamal and Bouguila, Nizar and Fan, Wentao},
  booktitle={2019 IEEE 28th International Symposium on Industrial Electronics (ISIE)},
  pages={1453--1458},
  year={2019},
  organization={IEEE}
}
@book{b1,
  title={The EM algorithm and extensions},
  author={McLachlan, Geoffrey and Krishnan, Thriyambakam},
  volume={382},
  year={2007},
  publisher={John Wiley \& Sons}
}
@article{b2,
  title={A Monte Carlo implementation of the EM algorithm and the poor man's data augmentation algorithms},
  author={Wei, Greg CG and Tanner, Martin A},
  journal={Journal of the American statistical Association},
  volume={85},
  number={411},
  pages={699--704},
  year={1990},
  publisher={Taylor \& Francis Group}
}

@article{b3,
  title={Statistical image segmentation},
  author={Pieczynski, Wojciech},
  journal={Machine graphics and vision},
  volume={1},
  number={1/2},
  pages={261--268},
  year={1992}
}

@article{b4,
  title={An equivalence of the EM and ICE algorithm for exponential family},
  author={Delmas, Jean Pierre},
  journal={IEEE transactions on signal processing},
  volume={45},
  number={10},
  pages={2613--2615},
  year={1997},
  publisher={IEEE}
}

@article{b5,
  title={Bayesian estimation of generalized Gamma mixture model based on variational EM algorithm},
  author={Liu, Chi and Li, Heng-Chao and Fu, Kun and Zhang, Fan and Datcu, Mihai and Emery, William J},
  journal={Pattern Recognition},
  volume={87},
  pages={269--284},
  year={2019},
  publisher={Elsevier}
}

@book{b6,
  title={Convex optimization},
  author={Boyd, Stephen and Vandenberghe, Lieven},
  year={2004},
  publisher={Cambridge University Press}
}

@book{Bishop,
  title={Pattern recognition and machine learning},
  author={Bishop, Christopher M},
  year={2006},
  publisher={Springer}
}


@article{b9,
  title={Bayesian learning of finite generalized Gaussian mixture models on images},
  author={Elguebaly, Tarek and Bouguila, Nizar},
  journal={Signal Processing},
  volume={91},
  number={4},
  pages={801--820},
  year={2011},
  publisher={Elsevier}
}

@article{b10,
  title={The variational approximation for Bayesian inference},
  author={Tzikas, Dimitris G and Likas, Aristidis C and Galatsanos, Nikolaos P},
  journal={IEEE Signal Processing Magazine},
  volume={25},
  number={6},
  pages={131--146},
  year={2008},
  publisher={IEEE}
}

@misc{b13,
  title={Perceptual information processing system},
  author={Barghout, Lauren and Lee, Lawrence},
  year={2004, US Patent App. 10/618,543},
  month=mar # "~25",
  publisher={Google Patents},
  
}
@book{b14,
  title={Multimedia communication technology: Representation, transmission and identification of multimedia signals},
  author={Ohm, Jens},
  year={2012},
  publisher={Springer Science \& Business Media}
}

@article{b15,
  title={Lattice vector quantization of generalized Gaussian sources},
  author={Chen, Feng and Gao, Zheng and Villasenor, John},
  journal={IEEE Transactions on Information Theory},
  volume={43},
  number={1},
  pages={92--103},
  year={1997},
  publisher={IEEE}
}

@article{n15,
  title={Modeling of subband image data for buffer control},
  author={Calvagno, Giancarlo and Ghirardi, Cristiano and Mian, Gian Antonio and Rinaldo, Roberto},
  journal={IEEE transactions on circuits and systems for video technology},
  volume={7},
  number={2},
  pages={402--408},
  year={1997},
  publisher={IEEE}
}

@article{n16,
  title={Wavelet-based texture retrieval using generalized Gaussian density and Kullback-Leibler distance},
  author={Do, Minh N and Vetterli, Martin},
  journal={IEEE transactions on image processing},
  volume={11},
  number={2},
  pages={146--158},
  year={2002},
  publisher={IEEE}
}
@article{n17,
  title={Wavelet-based level set evolution for classification of textured images},
  author={Aujol, J-F and Aubert, Gilles and Blanc-F{\'e}raud, Laure},
  journal={IEEE Transactions on Image Processing},
  volume={12},
  number={12},
  pages={1634--1641},
  year={2003},
  publisher={IEEE}
}

@article{n18,
  title={Supervised texture classification using characteristic generalized Gaussian density},
  author={Choy, Siu-Kai and Tong, Chong-Sze},
  journal={Journal of Mathematical Imaging and Vision},
  volume={29},
  number={1},
  pages={35--47},
  year={2007},
  publisher={Springer}
}

@inproceedings{n27,
  title={A robust video foreground segmentation by using generalized gaussian mixture modeling},
  author={Allili, Mohand Said and Bouguila, Nizar and Ziou, Djemel},
  booktitle={Fourth Canadian Conference on Computer and Robot Vision (CRV'07)},
  pages={503--509},
  year={2007},
  organization={IEEE}
}

@article{n28,
  title={Finite general Gaussian mixture modeling and application to image and video foreground segmentation},
  author={Allili, Mohand Sa{\"\i}d and Bouguila, Nizar and Ziou, Djemel},
  journal={Journal of Electronic Imaging},
  volume={17},
  number={1},
  pages={013005},
  year={2008},
  publisher={International Society for Optics and Photonics}
}

@article{n29,
  title={A fast estimation method for the generalized Gaussian mixture distribution on complex images},
  author={Fan, Shu-Kai S and Lin, Yen},
  journal={Computer Vision and Image Understanding},
  volume={113},
  number={7},
  pages={839--853},
  year={2009},
  publisher={Elsevier}
}

@article{n13,
  title={Motion compensated multiresolution transmission of high definition video},
  author={Naveen, Thumpudi and Woods, John W},
  journal={IEEE Transactions on Circuits and Systems for Video Technology},
  volume={4},
  number={1},
  pages={29--41},
  year={1994},
  publisher={IEEE}
}

@article{n30,
  title={SAR amplitude probability density function estimation based on a generalized Gaussian model},
  author={Moser, Gabriele and Zerubia, Josiane and Serpico, Sebastiano B},
  journal={IEEE Transactions on Image Processing},
  volume={15},
  number={6},
  pages={1429--1442},
  year={2006},
  publisher={IEEE}
}

@article{n14,
  title={Estimation of shape parameter for generalized Gaussian distributions in subband decompositions of video},
  author={Sharifi, Karnran and Leon-Garcia, Alberto},
  journal={IEEE Transactions on Circuits and Systems for Video Technology},
  volume={5},
  number={1},
  pages={52--56},
  year={1995},
  publisher={IEEE}
}

@article{n19,
  title={Analysis of multiresolution image denoising schemes using generalized Gaussian and complexity priors},
  author={Moulin, Pierre and Liu, Juan},
  journal={IEEE Transactions on Information Theory},
  volume={45},
  number={3},
  pages={909--919},
  year={1999},
  publisher={Citeseer}
}

@article{n20,
  title={A pyramid vector quantizer},
  author={Fischer, Thomas},
  journal={IEEE transactions on information theory},
  volume={32},
  number={4},
  pages={568--583},
  year={1986},
  publisher={IEEE}
}


@article{n21,
  title={On the modeling of DCT and subband image data for compression},
  author={Birney, Keith A and Fischer, Thomas R},
  journal={IEEE transactions on Image Processing},
  volume={4},
  number={2},
  pages={186--193},
  year={1995},
  publisher={IEEE}
}


@article{n22,
  title={A generalized Gaussian image model for edge-preserving MAP estimation},
  author={Bouman, Charles and Sauer, Ken},
  journal={ECE Technical Reports},
  pages={277},
  year={1992}
}

@article{n23,
  title={Image thresholding based on the EM algorithm and the generalized Gaussian distribution},
  author={Bazi, Yakoub and Bruzzone, Lorenzo and Melgani, Farid},
  journal={Pattern Recognition},
  volume={40},
  number={2},
  pages={619--634},
  year={2007},
  publisher={Elsevier}
}

@article{n24,
  title={Image thresholding using a novel estimation method in generalized Gaussian distribution mixture modeling},
  author={Fan, Shu-Kai S and Lin, Yen and Wu, Chia-Chan},
  journal={Neurocomputing},
  volume={72},
  number={1-3},
  pages={500--512},
  year={2008},
  publisher={Elsevier}
}

@article{n12,
  title={A theory for multiresolution signal decomposition: the wavelet representation},
  author={Mallat, Stephane G},
  journal={IEEE Transactions on Pattern Analysis \& Machine Intelligence},
  number={7},
  pages={674--693},
  year={1989},
  publisher={Ieee}
}

@article{n4,
  title={Image subband coding using arithmetic coded trellis coded quantization},
  author={Joshi, Rajan L and Crump, Valerie J and Fischer, Thomas R},
  journal={IEEE Transactions on Circuits and Systems for Video Technology},
  volume={5},
  number={6},
  pages={515--523},
  year={1995},
  publisher={IEEE}
}

@article{n25,
  title={Speech probability distribution},
  author={Gazor, Saeed and Zhang, Wei},
  journal={IEEE Signal Processing Letters},
  volume={10},
  number={7},
  pages={204--207},
  year={2003},
  publisher={IEEE}
}

@article{n26,
  title={Exponent parameter estimation for generalized Gaussian probability density functions with application to speech modeling},
  author={Kokkinakis, Kostas and Nandi, Asoke K},
  journal={Signal Processing},
  volume={85},
  number={9},
  pages={1852--1858},
  year={2005},
  publisher={Elsevier}
}

@inproceedings{n31,
  title={Multichannel audio resynthesis based on a generalized Gaussian mixture model and cepstral smoothing},
  author={Cantzos, Demetrios and Mouchtaris, Athanasios and Kyriakakis, Chris},
  booktitle={IEEE Workshop on Applications of Signal Processing to Audio and Acoustics, 2005.},
  pages={215--218},
  year={2005},
  organization={IEEE}
}

@article{n34,
  title={Estimation based on entropy matching for generalized Gaussian PDF modeling},
  author={Aiazzi, Bruno and Alparone, Luciano and Baronti, Stefano},
  journal={IEEE Signal Processing Letters},
  volume={6},
  number={6},
  pages={138--140},
  year={1999},
  publisher={IEEE}
}

@article{n35,
  title={Improve maximum likelihood estimation for subband GGD parameters},
  author={Pi, Minghong},
  journal={Pattern Recognition Letters},
  volume={27},
  number={14},
  pages={1710--1713},
  year={2006},
  publisher={Elsevier}
}

@article{n36,
  title={Distribution shape of two-dimensional DCT coefficients of natural images},
  author={M{\"u}ller, F},
  journal={Electronics Letters},
  volume={29},
  number={22},
  pages={1935--1936},
  year={1993},
  publisher={IET}
}

@article{n32,
  title={Parametric generalized Gaussian density estimation},
  author={Varanasi, Mahesh K and Aazhang, Behnaam},
  journal={The Journal of the Acoustical Society of America},
  volume={86},
  number={4},
  pages={1404--1415},
  year={1989},
  publisher={ASA}
}

@article{n10,
  title={On the modeling of small sample distributions with generalized Gaussian density in a maximum likelihood framework},
  author={Meignen, Sylvain and Meignen, Hubert},
  journal={IEEE Transactions on Image Processing},
  volume={15},
  number={6},
  pages={1647--1652},
  year={2006},
  publisher={IEEE}
}

@article{g1,
  title={Bayesian estimation of generalized Gamma mixture model based on variational EM algorithm},
  author={Liu, Chi and Li, Heng-Chao and Fu, Kun and Zhang, Fan and Datcu, Mihai and Emery, William J},
  journal={Pattern Recognition},
  volume={87},
  pages={269--284},
  year={2019},
  publisher={Elsevier}
}

@misc{g2,
  title={S. Boyd, L. Vandenberghe, Convex Optimization, Cambridge University Press, 2004 hardback, 65 USs, ISBN 0 521 83378 7},
  author={Lemar{\'e}chal, Claude},
  year={2006},
  publisher={North-Holland}
}
@article{n6,
  title={Estimation of generalized mixtures and its application in image segmentation},
  author={Delignon, Yves and Marzouki, Abdelwaheb and Pieczynski, Wojciech},
  journal={IEEE Transactions on image processing},
  volume={6},
  number={10},
  pages={1364--1375},
  year={1997},
  publisher={IEEE}
}
@article{nb1,
  title={Bayesian learning of finite generalized Gaussian mixture models on images},
  author={Elguebaly, Tarek and Bouguila, Nizar},
  journal={Signal Processing},
  volume={91},
  number={4},
  pages={801--820},
  year={2011},
  publisher={Elsevier}
}



@article{b7,
  title={test},
  author={Elguebaly, Tarek and Bouguila, Nizar},
  journal={Signal Processing},
  volume={91},
  number={4},
  pages={801--820},
  year={2011},
  publisher={Elsevier}
}

@article{b8,
  title={test},
  author={Elguebaly, Tarek and Bouguila, Nizar},
  journal={Signal Processing},
  volume={91},
  number={4},
  pages={801--820},
  year={2011},
  publisher={Elsevier}
}

@incollection{b12,
  title={Stockman g: computer vision},
  author={Shapiro, Linda and George, C},
  booktitle={Prentice Hall},
  year={2002}
}